<record><leader>00000cas a22000007a 4500</leader><controlfield tag="001">9988405</controlfield><controlfield tag="008">831006d18651945nyuwr ne      0    0eng d</controlfield><datafield ind1=" " ind2=" " tag="010"><subfield code="a">sn 83031265 </subfield></datafield><datafield ind1=" " ind2=" " tag="040"><subfield code="a">NPU</subfield><subfield code="b">eng</subfield><subfield code="c">NPU</subfield><subfield code="d">NPX</subfield><subfield code="d">NYG</subfield><subfield code="d">NYS</subfield><subfield code="d">NYG</subfield><subfield code="d">NYS</subfield><subfield code="d">OCLCQ</subfield></datafield><datafield ind1=" " ind2=" " tag="042"><subfield code="a">msc</subfield></datafield><datafield ind1="0" ind2="4" tag="245"><subfield code="a">The Cobleskill index.</subfield></datafield><datafield ind1=" " ind2=" " tag="260"><subfield code="a">Cobleskill, N.Y. :</subfield><subfield code="b">Wm. H. Weeks</subfield></datafield><datafield ind1=" " ind2=" " tag="300"><subfield code="a">v. ;</subfield><subfield code="c">63 cm.</subfield></datafield><datafield ind1=" " ind2=" " tag="310"><subfield code="a">Weekly</subfield></datafield><datafield ind1="1" ind2=" " tag="362"><subfield code="a">Began in 1865?</subfield></datafield><datafield ind1="0" ind2=" " tag="362"><subfield code="a">-v. 80, no. 39 (Apr. 5, 1945).</subfield></datafield><datafield ind1=" " ind2=" " tag="500"><subfield code="a">Publishers: William H. Weeks, &lt;1869-1873&gt;; George W. Bellinger, &lt;1875-1904&gt;; Arthur T. Warner, &lt;1910&gt;; Mrs. J.H. Mann and L.R. Mann, &lt;1933&gt;.</subfield></datafield><datafield ind1=" " ind2=" " tag="500"><subfield code="a">Editor: George W. Bellinger, &lt;1876&gt;.</subfield></datafield><datafield ind1=" " ind2=" " tag="588"><subfield code="a">Description based on: Vol. 4, no. 26 (May 5, 1869).</subfield></datafield><datafield ind1=" " ind2="4" tag="651"><subfield code="a">Cobleskill (N.Y.)</subfield><subfield code="v">Newspapers.</subfield></datafield><datafield ind1=" " ind2="4" tag="651"><subfield code="a">Schoharie County (N.Y.)</subfield><subfield code="v">Newspapers.</subfield></datafield><datafield ind1=" " ind2=" " tag="752"><subfield code="a">United States</subfield><subfield code="b">New York</subfield><subfield code="c">Schoharie</subfield><subfield code="d">Cobleskill.</subfield></datafield><datafield ind1="0" ind2="7" tag="785"><subfield code="t">Schoharie Republican (Schoharie, N.Y. : 1924)</subfield><subfield code="w">(DLC)sn 88074580</subfield></datafield><datafield ind1="0" ind2="7" tag="785"><subfield code="t">Cobleskill index, the Schoharie Republican</subfield><subfield code="w">(DLC)sn 88075662</subfield></datafield><datafield ind1="1" ind2=" " tag="029"><subfield code="a">AU@</subfield><subfield code="b">000020286838</subfield></datafield></record>